<record><leader>00000cas a22000007a 4500</leader><controlfield tag="001">22411121</controlfield><controlfield tag="008">900920d18921919njuwr ne      0    0eng d</controlfield><datafield ind1=" " ind2=" " tag="010"><subfield code="a">sn 90063037 </subfield></datafield><datafield ind1=" " ind2=" " tag="040"><subfield code="a">NJW</subfield><subfield code="b">eng</subfield><subfield code="c">NJW</subfield><subfield code="d">OCLCQ</subfield></datafield><datafield ind1=" " ind2=" " tag="042"><subfield code="a">msc</subfield></datafield><datafield ind1="0" ind2=" " tag="130"><subfield code="a">Journal (Atlantic Highlands, N.J.)</subfield></datafield><datafield ind1="1" ind2="4" tag="245"><subfield code="a">The journal.</subfield></datafield><datafield ind1=" " ind2=" " tag="260"><subfield code="a">Atlantic Highlands, N.J. :</subfield><subfield code="b">A.C. Hart</subfield></datafield><datafield ind1=" " ind2=" " tag="300"><subfield code="a">v.</subfield></datafield><datafield ind1=" " ind2=" " tag="310"><subfield code="a">Weekly</subfield></datafield><datafield ind1="1" ind2=" " tag="362"><subfield code="a">Began in 1892; ceased in 1919.</subfield></datafield><datafield ind1=" " ind2=" " tag="588"><subfield code="a">Description based on: (Nov. 1, 1894).</subfield></datafield><datafield ind1=" " ind2=" " tag="752"><subfield code="a">United States</subfield><subfield code="b">New Jersey</subfield><subfield code="c">Monmouth</subfield><subfield code="d">Atlantic Highlands.</subfield></datafield><datafield ind1="0" ind2="7" tag="785"><subfield code="t">Atlantic highlander</subfield><subfield code="w">(DLC)sn 90063038</subfield></datafield><datafield ind1="0" ind2="7" tag="785"><subfield code="t">Atlantic Highlands journal</subfield><subfield code="w">(DLC)sn 90063039</subfield></datafield></record>